@Article{tidyverse,
    title = {Welcome to the {tidyverse}},
    author = {Hadley Wickham and Mara Averick and Jennifer Bryan and Winston Chang and Lucy D'Agostino McGowan and Romain François and Garrett Grolemund and Alex Hayes and Lionel Henry and Jim Hester and Max Kuhn and Thomas Lin Pedersen and Evan Miller and Stephan Milton Bache and Kirill Müller and Jeroen Ooms and David Robinson and Dana Paige Seidel and Vitalie Spinu and Kohske Takahashi and Davis Vaughan and Claus Wilke and Kara Woo and Hiroaki Yutani},
    year = {2019},
    journal = {Journal of Open Source Software},
    volume = {4},
    number = {43},
    pages = {1686},
    doi = {10.21105/joss.01686},
  }
  
  @Manual{scales,
    title = {scales: Scale Functions for Visualization},
    author = {Hadley Wickham and Dana Seidel},
    year = {2019},
    note = {R package version 1.1.0},
    url = {https://CRAN.R-project.org/package=scales},
  }
  
  @Manual{readr,
    title = {readr: Read Rectangular Text Data},
    author = {Hadley Wickham and Jim Hester and Romain Francois},
    year = {2018},
    note = {R package version 1.3.1},
    url = {https://CRAN.R-project.org/package=readr},
  }
  
  @Manual{kableExtra,
    title = {kableExtra: Construct Complex Table with 'kable' and Pipe Syntax},
    author = {Hao Zhu},
    year = {2019},
    note = {R package version 1.1.0},
    url = {https://CRAN.R-project.org/package=kableExtra},
  }
  
   @Manual{naniar,
    title = {naniar: Data Structures, Summaries, and Visualisations for Missing Data},
    author = {Nicholas Tierney and Di Cook and Miles McBain and Colin Fay},
    year = {2020},
    note = {R package version 0.5.0},
    url = {https://CRAN.R-project.org/package=naniar},
  }


@Book{bookdown,
    title = {bookdown: Authoring Books and Technical Documents with {R} Markdown},
    author = {Yihui Xie},
    publisher = {Chapman and Hall/CRC},
    address = {Boca Raton, Florida},
    year = {2016},
    note = {ISBN 978-1138700109},
    url = {https://github.com/rstudio/bookdown},
  }
  
  @book{oecd_2019,
  title={The new immigrants Global trends in migration towards OECD countries between 2000/01 and 2015/16},
  url={http://www.oecd.org/els/mig/Migration-data-brief-4-EN.pdf},
  institution={OECD},
  author={OECD},
  year={2019},
  note = {Accessed on 2020-06-05}
  }
  
  @book{ilo,
  place={Geneva},
  title={International Standard Classification Of Occupations},
  url={https://www.ilo.org/public/english/bureau/stat/isco/docs/publication08.pdf},
  institution={International Labour Organization},
  author={ILO},
  year={2012},
  note = {Accessed on 2020-06-04}
  }
  
  @book{oecd_2016,
  series={Database on Immigrants in OECD Countries},
  title={Database on Immigrants in OECD Countries (DIOC) 2015/16},
  url={http://www.oecd.org/els/mig/dioc.htm},
  institution={OECD},
  author={OECD},
  year={2016},
  collection={Database on Immigrants in OECD Countries},
  note = {Accessed on 2020-06-01}
  }

@book{dioc,
title={Variables, Coverage, Sources },
url={http://www.oecd.org/migration/mig/methodology-DIOC-2015-2016.pdf}, publisher={OECD},
 year={2016}
 }